<record><leader>00000cas a2200000 a 4500</leader><controlfield tag="001">696619414</controlfield><controlfield tag="008">110113uuuuuuuuuiluwr ne      0   a0eng c</controlfield><datafield ind1=" " ind2=" " tag="010"><subfield code="a">  2011271001</subfield></datafield><datafield ind1=" " ind2=" " tag="040"><subfield code="a">NVF</subfield><subfield code="b">eng</subfield><subfield code="c">NVF</subfield><subfield code="d">NVF</subfield><subfield code="d">OCLCO</subfield><subfield code="d">NVF</subfield><subfield code="d">OCLCO</subfield><subfield code="d">OCLCF</subfield><subfield code="d">OCLCO</subfield></datafield><datafield ind1=" " ind2=" " tag="042"><subfield code="a">pcc</subfield></datafield><datafield ind1=" " ind2=" " tag="043"><subfield code="a">n-us-il</subfield></datafield><datafield ind1="0" ind2="0" tag="245"><subfield code="a">Religio-philosophical journal.</subfield></datafield><datafield ind1="1" ind2="3" tag="246"><subfield code="a">Religio journal philosophical</subfield></datafield><datafield ind1="3" ind2=" " tag="246"><subfield code="a">Religio philosophical journal</subfield></datafield><datafield ind1=" " ind2=" " tag="260"><subfield code="a">Chicago, Ill. :</subfield><subfield code="b">John O. Bundy</subfield></datafield><datafield ind1=" " ind2=" " tag="300"><subfield code="a">v.</subfield></datafield><datafield ind1=" " ind2=" " tag="310"><subfield code="a">Weekly</subfield></datafield><datafield ind1=" " ind2=" " tag="500"><subfield code="a">"Harmonial Philosophy"--above masthead ornament.</subfield></datafield><datafield ind1=" " ind2=" " tag="500"><subfield code="a">"The Arts and Sciences, Literature, Romance and General Reform."</subfield></datafield><datafield ind1=" " ind2=" " tag="500"><subfield code="a">"Devoted to spiritual philosophy."</subfield></datafield><datafield ind1=" " ind2=" " tag="588"><subfield code="a">Description based on: Vol. 31, no. 9 (Oct. 29, 1881).</subfield></datafield><datafield ind1=" " ind2=" " tag="588"><subfield code="a">Latest issue consulted: Oct. 29, 1881.</subfield></datafield><datafield ind1=" " ind2="0" tag="650"><subfield code="a">Philosophy and religion</subfield><subfield code="z">Illinois</subfield><subfield code="z">Chicago</subfield><subfield code="v">Newspapers.</subfield></datafield><datafield ind1=" " ind2="0" tag="650"><subfield code="a">Philosophical theology</subfield><subfield code="v">Newspapers.</subfield></datafield><datafield ind1=" " ind2="0" tag="650"><subfield code="a">Religious thought</subfield><subfield code="z">Illinois</subfield><subfield code="z">Chicago</subfield><subfield code="v">Newspapers.</subfield></datafield><datafield ind1=" " ind2="0" tag="650"><subfield code="a">Spirituality</subfield><subfield code="z">Illinois</subfield><subfield code="z">Chicago</subfield><subfield code="v">Newspapers.</subfield></datafield><datafield ind1=" " ind2="0" tag="650"><subfield code="a">Arts and religion</subfield><subfield code="z">Illinois</subfield><subfield code="z">Chicago</subfield><subfield code="v">Newspapers.</subfield></datafield><datafield ind1=" " ind2="0" tag="650"><subfield code="a">Religion and the humanities</subfield><subfield code="v">Newspapers.</subfield></datafield><datafield ind1=" " ind2="0" tag="651"><subfield code="a">Chicago (Ill.)</subfield><subfield code="v">Newspapers.</subfield></datafield><datafield ind1=" " ind2="7" tag="655"><subfield code="a">Newspapers.</subfield><subfield code="2">fast</subfield><subfield code="0">(OCoLC)fst01423814</subfield></datafield><datafield ind1=" " ind2="7" tag="650"><subfield code="a">Arts and religion.</subfield><subfield code="2">fast</subfield><subfield code="0">(OCoLC)fst00817852</subfield></datafield><datafield ind1=" " ind2="7" tag="650"><subfield code="a">Philosophical theology.</subfield><subfield code="2">fast</subfield><subfield code="0">(OCoLC)fst01060773</subfield></datafield><datafield ind1=" " ind2="7" tag="650"><subfield code="a">Philosophy and religion.</subfield><subfield code="2">fast</subfield><subfield code="0">(OCoLC)fst01060826</subfield></datafield><datafield ind1=" " ind2="7" tag="650"><subfield code="a">Religion and the humanities.</subfield><subfield code="2">fast</subfield><subfield code="0">(OCoLC)fst01093870</subfield></datafield><datafield ind1=" " ind2="7" tag="650"><subfield code="a">Religious thought.</subfield><subfield code="2">fast</subfield><subfield code="0">(OCoLC)fst01094322</subfield></datafield><datafield ind1=" " ind2="7" tag="650"><subfield code="a">Spirituality.</subfield><subfield code="2">fast</subfield><subfield code="0">(OCoLC)fst01130186</subfield></datafield><datafield ind1=" " ind2="7" tag="651"><subfield code="a">Illinois</subfield><subfield code="z">Chicago.</subfield><subfield code="2">fast</subfield><subfield code="0">(OCoLC)fst01204048</subfield></datafield><datafield ind1=" " ind2=" " tag="752"><subfield code="a">United States</subfield><subfield code="b">Illinois</subfield><subfield code="c">Cook County</subfield><subfield code="d">Chicago.</subfield></datafield></record>